<?xml version="1.0" encoding="UTF-8"?>
<record xmlns="http://www.loc.gov/MARC21/slim">
   <leader>01609cam a2200421 a 4500</leader>
   <controlfield tag="001">1831950</controlfield>
   <controlfield tag="008">940526s1997    abca         s000 0 eng d</controlfield>
   <datafield tag="020" ind1=" " ind2=" ">
      <subfield code="a">0773250581</subfield>
   </datafield>
   <datafield tag="035" ind1=" " ind2=" ">
      <subfield code="a">ocm65909558</subfield>
   </datafield>
   <datafield tag="040" ind1=" " ind2=" ">
      <subfield code="a">AEEN</subfield>
      <subfield code="b">eng</subfield>
   </datafield>
   <datafield tag="055" ind1=" " ind2="3">
      <subfield code="a">TD 793.9*</subfield>
   </datafield>
   <datafield tag="090" ind1=" " ind2=" ">
      <subfield code="a">TD 793.9 W3213 P35 1997</subfield>
      <subfield code="b">AEU</subfield>
   </datafield>
   <datafield tag="090" ind1=" " ind2=" ">
      <subfield code="a">TD 793.9 W3213 P14</subfield>
      <subfield code="b">AEEN</subfield>
   </datafield>
   <datafield tag="090" ind1=" " ind2=" ">
      <subfield code="a">Internet Access</subfield>
      <subfield code="b">AGINTERNET</subfield>
   </datafield>
   <datafield tag="240" ind1="0" ind2="0">
      <subfield code="a">Waste minimization manual :</subfield>
      <subfield code="b">paint industry.</subfield>
   </datafield>
   <datafield tag="245" ind1="0" ind2="0">
      <subfield code="a">Waste minimization manual : paint industry 1997</subfield>
      <subfield code="b">paint industry.</subfield>
   </datafield>
   <datafield tag="260" ind1=" " ind2=" ">
      <subfield code="a">Edmonton :</subfield>
      <subfield code="b">Action on Waste, Alberta Environmental Protection,</subfield>
      <subfield code="c">[1997]</subfield>
   </datafield>
   <datafield tag="300" ind1=" " ind2=" ">
      <subfield code="a">32 p. :</subfield>
      <subfield code="b">ill. ;</subfield>
      <subfield code="c">28 cm.</subfield>
   </datafield>
   <datafield tag="336" ind1=" " ind2=" ">
      <subfield code="a">text</subfield>
      <subfield code="b">txt</subfield>
      <subfield code="2">rdacontent</subfield>
   </datafield>
   <datafield tag="337" ind1=" " ind2=" ">
      <subfield code="a">unmediated</subfield>
      <subfield code="b">n</subfield>
      <subfield code="2">rdamedia</subfield>
   </datafield>
   <datafield tag="338" ind1=" " ind2=" ">
      <subfield code="a">volume</subfield>
      <subfield code="b">nc</subfield>
      <subfield code="2">rdacarrier</subfield>
   </datafield>
   <datafield tag="490" ind1="1" ind2=" ">
      <subfield code="a">Pub. No. ;</subfield>
      <subfield code="v">I/622</subfield>
   </datafield>
   <datafield tag="530" ind1=" " ind2=" ">
      <subfield code="a">Also available on the World Wide Web.</subfield>
   </datafield>
   <datafield tag="538" ind1=" " ind2=" ">
      <subfield code="a">System requirements: Adobe Acrobat.</subfield>
   </datafield>
   <datafield tag="596" ind1=" " ind2=" ">
      <subfield code="a">1 2 38</subfield>
   </datafield>
   <datafield tag="650" ind1=" " ind2="0">
      <subfield code="a">Waste minimization.</subfield>
   </datafield>
   <datafield tag="650" ind1=" " ind2="0">
      <subfield code="a">Refuse and refuse disposal.</subfield>
   </datafield>
   <datafield tag="650" ind1=" " ind2="0">
      <subfield code="a">Paint industry and trade</subfield>
      <subfield code="x">Recycling.</subfield>
   </datafield>
   <datafield tag="650" ind1=" " ind2="0">
      <subfield code="a">Paint industry and trade</subfield>
      <subfield code="x">Waste disposal.</subfield>
   </datafield>
   <datafield tag="650" ind1=" " ind2="0">
      <subfield code="a">Source reduction (Waste management)</subfield>
   </datafield>
   <datafield tag="710" ind1="1" ind2=" ">
      <subfield code="a">Alberta.</subfield>
      <subfield code="b">Alberta Environmental Protection.</subfield>
   </datafield>
   <datafield tag="710" ind1="1" ind2=" ">
      <subfield code="a">Alberta.</subfield>
      <subfield code="b">Action on Waste.</subfield>
   </datafield>
   <datafield tag="740" ind1="0" ind2=" ">
      <subfield code="a">Paint industry.</subfield>
   </datafield>
   <datafield tag="830" ind1=" " ind2="0">
      <subfield code="a">Publication (Alberta. Alberta Environmental Protection) ;</subfield>
      <subfield code="v">I/622.</subfield>
   </datafield>
   <datafield tag="856" ind1="4" ind2="1">
      <subfield code="3">Free Access</subfield>
      <subfield code="u">http://environment.gov.ab.ca/info/library/6248.pdf</subfield>
   </datafield>
   <datafield tag="926" ind1=" " ind2=" ">
      <subfield code="a">AGINTERNET</subfield>
      <subfield code="b">INTERNET</subfield>
      <subfield code="c">Internet Access</subfield>
      <subfield code="d">E-RESOURCE</subfield>
      <subfield code="f">1</subfield>
   </datafield>
   <datafield tag="926" ind1=" " ind2=" ">
      <subfield code="a">AGL_CAP</subfield>
      <subfield code="b">ON_SHELF</subfield>
      <subfield code="c">TD 793.9 W3213 P14</subfield>
      <subfield code="d">BOOK</subfield>
      <subfield code="f">1</subfield>
   </datafield>
   <datafield tag="926" ind1=" " ind2=" ">
      <subfield code="a">AGL_CAP</subfield>
      <subfield code="b">ARCHIVES</subfield>
      <subfield code="c">TD 793.9 W3213 P14</subfield>
      <subfield code="d">NO_LOAN</subfield>
      <subfield code="f">2</subfield>
   </datafield>
   <datafield tag="926" ind1=" " ind2=" ">
      <subfield code="a">UABARD</subfield>
      <subfield code="b">ON_SHELF</subfield>
      <subfield code="c">TD 793.9 W3213 P35 1997</subfield>
      <subfield code="d">BOOK</subfield>
      <subfield code="f">1</subfield>
   </datafield>
</record>
